

@article{Fonseca2019,
	title   = {The State of Digital {O}\&{M} for the Solar Market },
	url     = 
	{https://www.greentechmedia.com/articles/read/the-state-of-digital-om-for-the-solar-market1},
	journal = {Greentech Media},
	author  = {L. G. da Fonseca},
	year    = {2019},
	month   = {October},
	note = {accessed May 24 2023}
}

@article{boyd2017nist,
  title   = {NIST campus photovoltaic ({PV}) arrays and weather station data sets},
  author  = {Boyd, M and Chen, T and Dougherty, B},
  journal = {National Institute of Standards and Technology [Data Set]},
  year    = {2017}
}

@article{boyd2015high,
  title   = {High-speed monitoring of multiple grid-connected photovoltaic array configurations},
  author  = {Boyd, Matthew and others},
  journal = {NIST Technical Note 1896},
  year    = {2015}
}

@article{ahmed2020review,
  title     = {A review and evaluation of the state-of-the-art in {PV} solar power forecasting: 
               Techniques and optimization},
  author    = {Ahmed, Razin and Sreeram, V and Mishra, Y and Arif, MD},
  journal   = {Renewable and Sustainable Energy Reviews},
  volume    = {124},
  pages     = {109792},
  year      = {2020},
  publisher = {Elsevier}
}

@misc{nelson2006introduction,
  title     = {An introduction to copulas},
  author    = {Nelson, Roger B},
  year      = {2006},
  publisher = {Springer New York}
}

@article{ding2011ann,
  title     = {An {ANN}-based approach for forecasting the power output of photovoltaic system},
  author    = {Ding, Ming and Wang, Lei and Bi, Rui},
  journal   = {Procedia Environmental Sciences},
  volume    = {11},
  pages     = {1308--1315},
  year      = {2011},
  publisher = {Elsevier}
}

@article{Meyers2023,
  year    = {2023},
  volume  = {17},
  journal = {Foundations and Trends in Signal Processing},
  title   = {Signal Decomposition Using Masked Proximal Operators},
  doi     = {10.1561/2000000122},
  issn    = {1932-8346},
  number  = {1},
  pages   = {1-78},
  author  = {B. Meyers and S. Boyd}
}

% Classic PV modeling

@article{King1997a,
  author  = {D. L. King and J. A. Kratochvil and W. E. Boyson},
  doi     = {10.1109/PVSC.1997.654300},
  isbn    = {0-7803-3767-0},
  issn    = {0160-8371},
  issue   = {September},
  journal = {IEEE 26th Photovoltaic Specialist Conference},
  pages   = {1183-1186},
  pmid    = {654300},
  title   = {Temperature coefficients for {PV} modules and arrays: measurement methods, difficulties, 
             and results},
  year    = {1997}
}

@article{King1997,
  author  = {D. L. King and J. A. Kratochvil and W. E. Boyson},
  doi     = {10.1109/PVSC.1997.654283},
  isbn    = {0160-8371},
  issn    = {0160-8371},
  issue   = {September},
  journal = {IEEE 26th Photovoltaic Specialist Conference},
  pages   = {1113-1116},
  pmid    = {654283},
  title   = {Measuring solar spectral and angle-of-incidence effects on photovoltaic modules and solar 
             irradiance sensors},
  year    = {1997}
}

@article{King2004,
  author      = {D. L. King and W. E. Boyson and J. A. Kratochvil},
  city        = {Albuquerque, NM, and Livermore, CA (United States)},
  doi         = {10.2172/919131},
  isbn        = {SAND2004-3535},
  issn        = {09270248},
  issue       = {December},
  institution = {Sandia National Laboratories (SNL)},
  journal     = {Sandia Report No. 2004-3535},
  month       = {August},
  pages       = {1-19},
  title       = {Photovoltaic array performance model.},
  volume      = {8},
  url         = {https://www.osti.gov/servlets/purl/919131/},
  year        = {2004}
}

@article{Marion2005,
  author    = {B. Marion and J. Adelstein and K. Boyle and H. Hayden and B. Hammond and T. Fletcher 
               and B. Canada and D. Narang and A. Kimber and L. Mitchell and G. Rich and T. Townsend},
  doi       = {10.1109/PVSC.2005.1488451},
  isbn      = {0-7803-8707-4},
  journal   = {IEEE 31st Photovoltaic Specialist Conference},
  pages     = {1601-1606},
  publisher = {IEEE},
  title     = {Performance parameters for grid-connected {PV} systems},
  year      = {2005}
}

@article{DeSoto2006,
  author  = {W. De Soto and S. A. Klein and W. A. Beckman},
  doi     = {10.1016/j.solener.2005.06.010},
  issn    = {0038092X},
  issue   = {1},
  journal = {Solar Energy},
  month   = {January},
  pages   = {78-88},
  title   = {Improvement and validation of a model for photovoltaic array performance},
  volume  = {80},
  year    = {2006}
}

@article{Holmgren2015,
  author    = {W. F. Holmgren and R. W. Andrews and A. T. Lorenzo and J. S. Stein},
  doi       = {10.1109/PVSC.2015.7356005},
  isbn      = {978-1-4799-7944-8},
  journal   = {IEEE 42nd Photovoltaic Specialist Conference},
  month     = {June},
  pages     = {1-5},
  publisher = {IEEE},
  title     = {{PVLIB P}ython 2015},
  year      = {2015}
}

@article{Miller1981,
  author      = {R. G. Miller},
  city        = {Silver Spring, MD},
  institution = {National Oceanic and Atmospheric Administration},
  month       = {November},
  title       = {{GEM}: A Statistical Weather Forecasting Procedure},
  url         = {https://www.weather.gov/media/owp/oh/hdsc/docs/TR28.pdf},
  journal     = {NOAA Technical Report NWS-28},
  year        = {1981}
}

% SALAMI methods

@article{Quintarelli_2019,
  title   = {Let’s forget the term {AI}. Let’s call them Systematic Approaches to Learning Algorithms 
             and 
             Machine Inferences ({SALAMI})},
  url     = {https://blog.quintarelli.it/2019/11/lets-forget-the-term-ai-lets-call-them-systematic-approaches-to-learning-algorithms-and-machine-inferences-salami/},
  journal = {Quinta’s weblog},
  author  = {S. Quintarelli},
  year    = {2019},
  month   = {November},
  note = {accessed May 10 2023}
}
	
@article{Zhao2019,
  author    = {Y. Zhao and Q. Liu and D. Li and D. Kang and Q. Lv and L. Shang},
  doi       = {10.1109/TSTE.2018.2867009},
  issn      = {1949-3029},
  issue     = {3},
  journal   = {IEEE Transactions on Sustainable Energy},
  month     = {July},
  pages     = {1351-1361},
  publisher = {Institute of Electrical and Electronics Engineers Inc.},
  title     = {Hierarchical Anomaly Detection and Multimodal Classification in Large-Scale Photovoltaic 
               Systems},
  volume    = {10},
  year      = {2019}
}
 
@article{Aziz2020,
  author    = {F. Aziz and A. Ul Haq and S. Ahmad and Y. Mahmoud and M. Jalal and U. Ali},
  doi       = {10.1109/ACCESS.2020.2977116},
  issn      = {2169-3536},
  journal   = {IEEE Access},
  pages     = {41889-41904},
  publisher = {Institute of Electrical and Electronics Engineers Inc.},
  title     = {A Novel Convolutional Neural Network-Based Approach for Fault Classification in 
               Photovoltaic Arrays},
  volume    = {8},
  year      = {2020}
}

@article{Veerasamy2021,
  author    = {V. Veerasamy and N. I. A. Wahab and M. L. Othman and S. Padmanaban and K. Sekar 
               and R. Ramachandran and H. Hizam and A. Vinayagam and M. Z. Islam},
  doi       = {10.1109/ACCESS.2021.3060800},
  issn      = {2169-3536},
  journal   = {IEEE Access},
  pages     = {32672-32687},
  publisher = {Institute of Electrical and Electronics Engineers Inc.},
  title     = {{LSTM} Recurrent Neural Network Classifier for High Impedance Fault Detection in Solar 
  {PV} Integrated Power System},
  volume    = {9},
  year      = {2021}
}

@article{Li2020,
  author    = {P. Li and K. Zhou and X. Lu and S. Yang},
  doi       = {10.1016/j.apenergy.2019.114216},
  issn      = {03062619},
  journal   = {Applied Energy},
  month     = {February},
  pages     = {114216},
  publisher = {Elsevier Ltd},
  title     = {A hybrid deep learning model for short-term {PV} power forecasting},
  volume    = {259},
  year      = {2020}
}

@article{Huang2020,
  author    = {Q. Huang and S. Wei},
  doi       = {10.1016/j.enconman.2020.113085},
  issn      = {01968904},
  journal   = {Energy Conversion and Management},
  month     = {September},
  pages     = {113085},
  publisher = {Elsevier Ltd},
  title     = {Improved quantile convolutional neural network with two-stage training for daily-ahead 
               probabilistic forecasting of photovoltaic power},
  volume    = {220},
  year      = {2020}
}

@article{Ding2021,
  author    = {S. Ding and R. Li and Z. Tao},
  doi       = {10.1016/j.enconman.2020.113644},
  issn      = {01968904},
  journal   = {Energy Conversion and Management},
  month     = {January},
  pages     = {113644},
  publisher = {Elsevier Ltd},
  title     = {A novel adaptive discrete grey model with time-varying parameters for long-term 
               photovoltaic power generation forecasting},
  volume    = {227},
  year      = {2021}
}

@article{Plessis2021,
  author    = {A. A. du Plessis and J. M. Strauss and A. J. Rix},
  doi       = {10.1016/j.apenergy.2020.116395},
  issn      = {03062619},
  journal   = {Applied Energy},
  month     = {March},
  pages     = {116395},
  publisher = {Elsevier Ltd},
  title     = {Short-term solar power forecasting: Investigating the ability of deep learning models to 
               capture low-level utility-scale Photovoltaic system behaviour},
  volume    = {285},
  year      = {2021}
}

@article{Zhao2021,
  author    = {W. Zhao and H. Zhang and J. Zheng and Y. Dai and L. Huang and W. Shang and Y. 
               Liang},
  doi       = {10.1016/j.energy.2021.120026},
  issn      = {03605442},
  journal   = {Energy},
  month     = {May},
  pages     = {120026},
  publisher = {Elsevier Ltd},
  title     = {A point prediction method based automatic machine learning for day-ahead power output 
               of multi-region photovoltaic plants},
  volume    = {223},
  year      = {2021}
}

@article{Li2021,
  author    = {Q. Li and X. Zhang and T. Ma and C. Jiao and H. Wang and W. Hu},
  doi       = {10.1016/j.energy.2021.120094},
  issn      = {03605442},
  journal   = {Energy},
  month     = {June},
  pages     = {120094},
  publisher = {Elsevier Ltd},
  title     = {A multi-step ahead photovoltaic power prediction model based on similar day, enhanced 
               colliding bodies optimization, variational mode decomposition, and deep extreme learning 
               machine},
  volume    = {224},
  year      = {2021}
}

@article{Najibi2021,
  author    = {F. Najibi and D. Apostolopoulou and E. Alonso},
  doi       = {10.1016/j.ijepes.2021.106916},
  issn      = {01420615},
  journal   = {International Journal of Electrical Power \& Energy Systems},
  month     = {September},
  pages     = {106916},
  publisher = {Elsevier Ltd},
  title     = {Enhanced performance {G}aussian process regression for probabilistic short-term solar 
               output forecast},
  volume    = {130},
  year      = {2021}
}

% Recent PV fleet models

@article{Hoff2010,
  author  = {T. E. Hoff and R. Perez},
  doi     = {10.1016/j.solener.2010.07.003},
  issn    = {0038092X},
  issue   = {10},
  journal = {Solar Energy},
  month   = {October},
  pages   = {1782-1793},
  title   = {Quantifying {PV} power Output Variability},
  volume  = {84},
  year    = {2010}
}

@article{Hoff2012,
  author   = {T. E. Hoff and R. Perez},
  doi      = {10.1016/j.solener.2011.11.005},
  issn     = {0038092X},
  issue    = {8},
  journal  = {Solar Energy},
  keywords = {Fluctuations,Photovoltaics,Power grid,Solar resource,Variability},
  month    = {August},
  pages    = {2177-2189},
  title    = {Modeling {PV} fleet output variability},
  volume   = {86},
  year     = {2012}
}

@article{Marcos2016,
  author    = {J. Marcos and I. de la Parra and M. García and L. Marroyo},
  doi       = {10.1002/pip.2719},
  issn      = {10627995},
  issue     = {5},
  journal   = {Progress in Photovoltaics: Research and Applications},
  month     = {May},
  pages     = {680-691},
  publisher = {John Wiley and Sons Ltd},
  title     = {Simulating the variability of dispersed large {PV} plants},
  volume    = {24},
  year      = {2016}
}

@article{Wirth2015,
  author    = {G. Wirth and E. Lorenz and A. Spring and G. Becker and R. Pardatscher and R. 
               Witzmann},
  doi       = {10.1002/pip.2513},
  issn      = {10627995},
  issue     = {9},
  journal   = {Progress in Photovoltaics: Research and Applications},
  month     = {September},
  pages     = {1164-1181},
  publisher = {John Wiley and Sons Ltd},
  title     = {Modeling the maximum power output of a distributed {PV} fleet},
  volume    = {23},
  year      = {2015}
}


%Copula references

@article{Sklar1959,
	author = {A. Sklar},
	journal = {Publications de l`Institut de Statistique de l`Universit{\'e} de Paris},
	title = {FONCTIONS DE R{\'E}PARTITION {\`A} $N$ DIMENSIONS ET LEURS 
	MARGES},
	year = {1959},
	volume = {8},
	pages = {229-231}
}


@article{Vliet2023,
	author = {B. V. Vliet},
	doi = {10.2139/ssrn.4198458},
	issn = {1556-5068},
	journal = {SSRN Electronic Journal},
	title = {Abe {S}klar's `{F}ONCTIONS DE R{\'E}PARTITION {\`A} $N$ DIMENSIONS ET LEURS 
	MARGES': 
	The 
	Original Document and an {E}nglish Translation},
	year = {2023},
}

@incollection{Schmidt2007,
	author = {T. Schmidt},
	city = {Berkeley, CA},
	editor = {J. Rank},
	booktitle = {Copulas: From theory to application in finance},
	pages = {3-34},
	publisher = {University of California},
	title = {Coping with Copulas},
	year = {2007},
}

@incollection{Charpentier2007,
	author = {A. Charpentier and J.-D. Fermanian and O. Scaillet},
	city = {Berkeley, CA},
	editor = {J. Rank},
	booktitle = {Copulas: From theory to application in finance},
	pages = {35-61},
	publisher = {University of California},
	title = {The Estimation of Copulas: Theory and Practice},
	year = {2007},
}

@incollection{Patton2009,
  author    = {A. J. Patton},
  booktitle = {Handbook of Financial Time Series},
  pages     = {767--785},
  publisher = {Springer},
  title     = {Copula-based Models for Financial Time Series},
  year      = {2009}
}

@article{Stander2013,
  author    = {Y. Stander and D. Marais and I. Botha},
  issn      = {},
  journal   = {Journal of Economic and Financial Sciences},
  number    = {1},
  pages     = {83--107},
  publisher = {AOSIS},
  title     = {Trading Strategies with Copulas},
  volume    = {6},
  year      = {2013}
}

@incollection{Hardle1994,
	author    = {W. H{\"a}rdle and O. Linton},
	booktitle = {Handbook of Econometrics},
	pages     = {767--785},
	publisher = {Springer},
	title     = {Applied Nonparametric Methods},
	year      = {1994},
	edition = {4},
	city = {Amsterdam, Netherlands},
	editor = {R. Engle and D. McFadden},
}

@book{Pagan1999,
	title={Nonparametric Econometrics},
	author={A. Pagan and A. Ullah},
	year={1999},
	publisher={Cambridge University Press},
	city = {Campbridge, UK}
}



@article{Xu2019,
  author    = {P. Xu and D. Wang and V. P. Singh and Y. Wang and J. Wu and H. Lu and L. Wang and J. Liu and J. Zhang},
  doi       = {},
  issn      = {},
  journal   = {Hydrology and Earth System Sciences Discussions},
  pages     = {1--59},
  publisher = {Copernicus GmbH},
  title     = {Time-Varying Copula and Design Life Level-Based Nonstationary Risk Analysis of Extreme Rainfall Events},
  volume    = {},
  year      = {2019}
}

@article{Schafer1999,
	author = {J. L. Schafer},
	journal = {University Park: The Methodology Center, Penn State},
	title = {{NORM} Users Guide: Multiple imputation of incomplete multivariate data under a normal 
	model},
	url = {https://scholarsphere.psu.edu/collections/v41687m23q},
	year = {1999},
}

@inproceedings{Zhao2020,
	author    = {Y. Zhao and M. Udell},
	booktitle = {Proceedings of the 26th ACM SIGKDD International Conference on Knowledge 
	Discovery \& Data Mining},
	pages     = {636-646},
	title     = {Missing Value Imputation for Mixed Data via {G}aussian Copula},
	year      = {2020}
}

@article{Udell2020,
	author  = {Y. Zhao and M. Udell},
	journal = {Adv. Neural Inf. Process. Syst.},
	volume  = {33},
	pages   = {20977-20988},
	title   = {Matrix Completion with Quantified Uncertainty through Low Rank {G}aussian Copula},
	year    = {2020}
}

@inproceedings{Munkhammar2017,
	author       = {J. Munkhammar and J. Widén},
	booktitle    = {2017 IEEE 44th Photovoltaic Specialist Conference (PVSC)},
	pages        = {3067--3072},
	organization = {IEEE},
	title        = {An Autocorrelation-based Copula Model for Producing Realistic Clear-Sky Index and 
	Photovoltaic Power Generation Time-Series},
	year         = {2017}
}

@article{Brechmann2015,
	author = {E. C. Brechmann and C. Czado},
	doi = {10.1002/asmb.2043},
	issn = {15241904},
	issue = {4},
	journal = {Applied Stochastic Models in Business and Industry},
	keywords = {copula autoregression,forecasting time series,multivariate time series,vector 
	autoregression,vine copula},
	month = {July},
	pages = {495-514},
	publisher = {John Wiley and Sons Ltd},
	title = {{COPAR}-multivariate time series modeling using the copula autoregressive model},
	volume = {31},
	year = {2015},
}


%Gaussianization

@article{Chen2000,
	author  = {S. Chen and R. Gopinath},
	title   = {Gaussianization},
	journal = {Advances in Neural Information Processing Systems},
	volume  = {13},
	year    = {2000}
}

@article{Huang2020b,
  author        = {C. W. Huang and R. T. Q. Chen and C. Tsirigotis and A. Courville},
  archiveprefix = {arXiv},
  eprint        = {2012.05942},
  journal       = {arXiv preprint},
  title         = {Convex Potential Flows: Universal Probability Distributions with Optimal Transport and Convex Optimization},
  year          = {2020}
}

@article{Liao2021,
	author  = {H. Liao and J. He},
	title   = {Jacobian Determinant of Normalizing Flows},
	journal = {arXiv preprint arXiv:2102.06539},
	year    = {2021}
}

@book{cvx_book,
	title={Convex optimization},
	author={Boyd, S. and Vandenberghe, L.},
	year={2009},
	publisher={Cambridge University Press}
}

@book{Hastie2009,
	address = {New York, NY},
	author = {Hastie, T. and Tibshirani, R. and Friedman, J.},
	booktitle = {Springer Series in Statistics},
	isbn = {978-0-387-84857-0},
	month = {dec},
	pages = {649--654},
	publisher = {Springer New York},
	series = {Springer Series in Statistics},
	title = {The Elements of Statistical Learning},
	url = {https://hastie.su.domains/ElemStatLearn/},
	year = {2009}
}

@article{diamond2016cvxpy,
	author  = {Diamond, S. and Boyd, S.},
	title   = {{CVXPY}: {A} {P}ython-embedded modeling language for convex 
	optimization},
	journal = {Journal of Machine Learning Research},
	year    = {2016},
	volume  = {17},
	number  = {83},
	pages   = {1--5},
}
@article{agrawal2018cvxpy,
	author  = {Agrawal, A. and Verschueren, R. and Diamond, S. and 
	Boyd, S.},
	title   = {A rewriting system for convex optimization problems},
	journal = {Journal of Control and Decision},
	year    = {2018},
	volume  = {5},
	number  = {1},
	pages   = {42--60},
	doi		= {10.1080/23307706.2017.1397554},
}

@book{Boyd2018,
	title={Introduction to Applied Linear Algebra},
	author={Boyd, S. and Vandenberghe, L.},
	year={2018},
	publisher={Cambridge university press}
}

@article{Tuck2020,
	author = {J. Tuck and S. Boyd},
	doi = {10.2139/ssrn.3608009},
	issn = {1556-5068},
	journal = {SSRN Electronic Journal},
	pages = {1-24},
	title = {Fitting {L}aplacian Regularized Stratified {G}aussian Models},
	volume = {1},
	year = {2020},
}

@article{Tuck2021,
	author = {J. Tuck and S. Barratt and S. Boyd},
	journal = {Journal of Machine Learning Research},
	pages = {1-37},
	title = {A Distributed Method for Fitting {L}aplacian Regularized Stratified Models},
	volume = {22},
	year = {2021},
}

@article{Moon2021,
  author    = {S. J. Moon and J. Jeon and J. S. H. Lee and Y. Kim},
  journal   = {J. Comput. Graph. Stat.},
  volume    = {30},
  issue     = {4},
  pages     = {1238-1248},
  title     = {Learning Multiple Quantiles with Neural Networks},
  year      = {2021},
  publisher = {Taylor and Francis}
}

@article{Wang2014,
  author    = {Y. Wang and M. J. Daniels},
  journal   = {J. Multivar. Anal.},
  volume    = {130},
  pages     = {21-26},
  title     = {Computationally Efficient Banding of Large Covariance Matrices for Ordered Data and Connections to Banding the Inverse Cholesky Factor},
  year      = {2014},
  publisher = {Elsevier Ltd}
}

@article{Kessy2018,
  author    = {A. Kessy and A. Lewin and K. Strimmer},
  journal   = {Am. Stat.},
  volume    = {72},
  issue     = {4},
  pages     = {309-314},
  title     = {Optimal Whitening and Decorrelation},
  year      = {2018},
  publisher = {Taylor \& Francis}
}

@misc{Wu1999,
  author    = {S. P. Wu and S. Boyd and L. Vandenberghe},
  title     = {FIR Filter Design via Spectral Factorization and Convex Optimization},
  year      = {1999},
  publisher = {Springer}
}

@techreport{Wong2014,
  author      = {B. Wong},
  institution = {Working Paper},
  title       = {Introduction to (Generalized) Autoregressive Conditional Heteroskedasticity Models in Time Series Econometrics},
  year        = {2014}
}

@book{Koenker2005,
	author = {R. Koenker},
	city = {Cambridge},
	doi = {10.1017/CBO9780511754098},
	isbn = {9780511754098},
	month = {July},
	pages = {1-25},
	publisher = {Cambridge University Press},
	title = {Quantile Regression},
	year = {2005},
}

@article{Koenker2017,
	author = {R. Koenker},
	doi = {10.1146/annurev-economics-063016-103651},
	issn = {1941-1383},
	issue = {1},
	journal = {Annual Review of Economics},
	keywords = {C22,C31,C32,C41 Keywords quantile regression,JEL codes: C21,causal 
	inference,heterogeneity,treatment effects},
	month = {August},
	pages = {155-176},
	title = {Quantile Regression: 40 Years On},
	volume = {9},
	year = {2017},
}


% not addressing covariance matrix estimation in this paper
@article{Bickel2008,
	author    = {P. J. Bickel and E. Levina},
	issn      = {},
	journal   = {},
	pages     = {},
	publisher = {},
	title     = {Regularized Estimation of Large Covariance Matrices},
	volume    = {},
	year      = {2008}
}

